2550 4109
129 402 133 410 ,
241 373 243 380 ,
326 354 387 433 44
456 298 1129 433 carnariaoarsranuu,
1191 368 1194 380 ¹

327 512 424 595 tarn,
445 526 506 581 aut
525 503 612 581 DEI
633 500 888 593 dileilionem,
914 524 975 581 aut
988 502 1129 591 mundi,

327 603 367 681 a&
380 602 626 702 quodcunque
644 602 789 679 nonest
820 628 866 681 ex
888 603 960 679 fide
975 602 1130 683 christia·
1173 630 1177 635 ·

326 728 373 780 na
388 704 645 802 supernaturali
662 754 673 792 ‚
700 728 784 802 quae
810 724 876 800 per
894 692 1148 781 dileilionem'
1259 740 1268 761 r

325 823 523 900 operetur,
544 804 678 881 malum
703 801 772 879 elle
797 804 939 883 volunt.
972 802 1033 881 Eli
1049 802 1128 881 haec
1185 869 1187 883 .
1267 797 1268 812 ¹

326 907 425 976 eninr
438 902 599 1003 legitima
624 902 814 993 succeffio,
839 930 879 981 ac
906 904 1020 981 veluti
1038 926 1129 981 cate·
1156 938 1159 941 ·

326 1024 373 1077 na
393 1001 592 1091 doiltinae,
618 1003 721 1102 cujus
747 1006 854 1080 initio
871 1004 986 1091 llatirn
1005 1002 1128 1081 differ-

326 1104 474 1179 tatiouis
493 1102 615 1179 fontes
633 1104 876 1201 prodidimus,
890 1127 1068 1202 quatenus
1084 1128 1128 1179 o-

321 1204 420 1279 mnia
441 1228 552 1304 opera
572 1207 725 1301 peccatis
743 1203 930 1305 deputant,
950 1201 1127 1301 quaeclta-

319 1299 425 1378 ritate
436 1304 572 1379 imbuta
583 1303 721 1380 illanon
736 1303 828 1388 sunt,
845 1327 956 1400 quam
969 1304 1126 1405 ipsa-gra-

320 1400 408 1477 tiam
426 1403 568 1478 unicam
591 1402 738 1491 faciunt,
757 1428 797 1481 ac
810 1407 848 1479 in
863 1402 1126 1495 reconciliatio·

320 1524 368 1574 ne
387 1502 596 1598 poenit'entia
610 1525 687 1576 non
703 1503 874 1579 initialem
898 1501 1123 1591 natumsed

320 1596 396 1691 suis
422 1602 590 1677 numeris·
612 1600 810 1676 absolutam
832 1598 947 1677 adesse
982 1603 1135 1681 volunt„

321 1698 449 1798 Quare
462 1701 535 1798 jam
553 1701 691 1775 nemini
706 1701 839 1775 mitum
865 1698 1070 1789 videbitur,
1096 1698 1124 1779 st

318 1798 512 1898 Rigorillae
531 1821 631 1877 tanto
650 1822 782 1876 conatu
803 1802 1028 1901 poenitentiae
1044 1798 1124 1877 fru·
1177 1814 1180 1821 “

318 1899 426 1987 ilus,
451 1898 810 1997 satisfailionumque'
835 1900 1123 1999 persolutionem

318 2002 515 2098 requirant.
560 1998 645 2075 Non
671 2003 769 2076 meris
797 1998 963 2086 vocibus,
1000 2002 1122 2099 inquit

227 2097 231 2108 '
319 2102 543 2186 Aruernus,
567 2100 621 2189 (a)
640 2123 706 2171 nnn
723 2095 1052 2201 vanissporssanibus
1060 2096 1122 2197 [ιι.

253 2287 256 2295 ,
318 2195 430 2273 cardos
450 2199 533 2273 certi
555 2194 729 2295 quidpiam
758 2196 873 2298 (quod
891 2198 1022 2295 quidem
1041 2199 1076 2305 s
1086 2228 1120 2277 e.

318 2294 406 2369 aare
423 2296 652 2394 &exquirere
671 2290 775 2385 debet,
787 2314 950 2397 quantum
957 2294 1039 2402 fieri
1059 2219 1084 2377 l
1106 2348 1119 2365 -

262 2409 264 2414 '
317 2396 464 2471 manitus
486 2392 579 2487 licet)
603 2388 719 2494 affiqui
734 2392 838 2496 potest
853 2392 892 2471 de
908 2399 1041 2493 interna
1074 2426 1118 2475 oe-
1144 2468 1150 2485 ,

244 2568 247 2571 ,
316 2495 496 2572 nitentium
528 2492 720 2597 rusellinae,
745 2494 941 2597 occultisque
961 2416 1118 2603 serulus,

315 2614 396 2699 quos
409 2597 447 2669 in
464 2617 576 2680 eorum
591 2594 768 2671 animitnal
780 2592 1014 2699 absolutionem
1033 2616 1120 2699 pre.

313 2692 476 2797 parandis
492 2696 607 2797 gratia
625 2696 790 2799 ingeneret
812 2720 884 2773 nece
902 2692 1116 2795 eefl.fFailis

311 2792 492 2897 perspiiuis
512 2795 712 2895 penitentie
722 2790 847 2900 solidis
898 2796 1033 2885 uilibus,
1058 2826 1114 2875 ve-

135 2965 141 2983 ,
313 2896 363 2971 ris
377 2896 454 2969 vite
470 2892 644 2969 emendata
670 2906 873 2999 argumentis
894 2894 983 2995 istud
998 2897 1114 2998 explo-
1158 2964 1161 2973 ι

212 3060 216 3070 .
312 3010 388 3070 rent
406 3008 544 3167 &arten
578 2996 705 3095 Quare
720 2994 777 3073 ,illi
795 2995 1122 3091 censent,ecclesrae.

189 3150 216 3198 .‘
312 3095 403 3169 mini
436 3117 498 3169 ros
514 3116 825 3189 propeccatorutn
838 3100 1114 3177 retinendorum

311 3191 490 3295 potestate
505 3192 567 3269 fibi
584 3191 719 3272 Christi
747 3221 812 3273 ore
833 3196 1015 3277 cornatilia
1034 3223 1114 3295 poe·

311 3293 490 3368 nitentem
509 3295 609 3391 prius
637 3297 859 3392 poenitentiae
884 3301 1039 3377 vinculis
1069 3296 1113 3373 li·

277 3465 280 3474 ,
308 3416 399 3501 gare
414 3390 566 3485 debete,
586 3398 1114 3494 antequameurnreconcilian·

350 3593 401 3676 (a)
422 3592 469 3661 ne
482 3595 657 3677 amem.
679 3596 709 3663 r.
721 3594 758 3663 11.
782 3616 873 3671 en.
1012 3498 1063 3577 do
1115 3577 1118 3589 ’
