2550 4109
287 434 289 445 ,
327 346 424 443 'ma
548 366 685 438 *cvm
725 368 792 436 ot
812 366 964 479 noua
1075 366 1082 390 ·

204 554 209 563 ·
248 548 254 573 ¹
329 534 510 619 quatenus
528 520 579 599 est
595 521 759 598 nostrum
784 515 967 597 summum
988 497 1133 589 1161111111

331 622 372 699 dc
389 620 537 703 ultimus
556 621 660 711 finis,
681 644 758 697 non
775 616 991 715 concipitur.
1016 606 1133 705 Aliter

331 742 377 797 oc
391 722 428 795 in
443 722 575 801 timore
596 719 712 797 servili
736 720 917 817 contingit
925 750 945 800 ¹,
958 763 966 779 ι.
980 708 1045 785 ubi
1075 708 1133 783 so-
1203 758 1212 767 ·

330 818 409 895 ium
428 819 546 917 poenae
566 824 742 907 evitatio,
782 842 860 895 non
894 810 1021 891 offensa
1047 808 1132 926 Nu·

330 919 439 1002 minis
459 916 681 1017 displicentia
698 918 820 996 locum
842 915 949 992 habet
960 958 972 1001 ‚
990 934 1060 990 nec
1087 930 1135 987 tta

330 1016 501 1093 voluntas
530 1021 675 1110 nostra,-
704 1042 788 1117 quae
818 1040 945 1093 amore
970 1012 1134 1100 trahitur,

329 1114 445 1193 1111111
464 1119 707 1216 propensione
729 1114 951 1196 abstrahitur.
1014 1110 1134 1211 Quod

329 1218 486 1315 omnino
504 1217 734 1296 necessarium
756 1216 827 1304 est,
856 1238 898 1293 ut
914 1236 1019 1292 amor
1036 1211 1133 1312 iusti·

330 1317 392 1391 tie
407 1319 664 1414 concipiatur,
699 1321 736 1397 dt
759 1316 890 1395 DEUS
922 1316 1025 1416 diligi
1046 1315 1135 1392 inci-

331 1416 462 1515 piatut.
496 1418 687 1516 Quoniam
711 1442 802 1493 veto
823 1415 946 1513 quoad
969 1410 1136 1514 justifica·

332 1516 473 1591 tionem
484 1513 562 1591 hec
571 1520 798 1594 omniaintus
820 1513 1137 1614 supernaturaliter

260 1682 263 1687 .
332 1610 450 1704 siunt,
476 1636 583 1713 atque
606 1619 644 1693 in
665 1619 815 1701 anima,
856 1640 933 1689 non
963 1636 1059 1712 opus
1084 1610 1137 1689 est

330 1709 392 1789 hic
413 1714 568 1791 multum
590 1719 673 1817 angi
700 1714 748 1791 de
768 1712 920 1789 scnfibili
943 1712 1075 1787 dolote
1097 1715 1138 1790 &

257 1860 261 1875 «
330 1814 572 1913 poenitentia,
605 1815 755 1914 qualem
788 1815 825 1889 in
852 1812 984 1912 jacium
1007 1834 1139 1887 rernm

329 1912 566 2085 presentium
587 1915 761 1994 sentimus
775 1914 975 2016 ptresertim
989 1908 1137 1988 senfibi-
1257 1917 1259 1920 ’

344 2014 450 2102 ium,
473 2037 558 2112 quae
575 2011 695 2092 sensus
717 2014 833 2091 solent
851 2012 1013 2113 movete.
1035 2008 1136 2107 Cum

331 2110 392 2188 hic
409 2116 538 2205 anima,
564 2114 764 2203 intelleslus
782 2117 819 2193 &
848 2113 1017 2187 voluntas
1035 2134 1137 2187 eorn-

330 2210 543 2300 movendae,
560 2212 627 2314 sint
648 2211 833 2288 facultates
853 2210 1062 2309 spirituales,
1072 2213 1138 2288 im·

332 2330 447 2404 motae
465 2308 597 2409 saepius
624 2310 762 2385 medias
779 2313 879 2385 intet‘
899 2309 1137 2389 vehementes

217 2406 220 2419 '
330 2410 498 2509 corporis
516 2412 799 2499 commotiones,
807 2412 884 2488 imo
894 2408 951 2485 bie
964 2408 1136 2507 frequen-

331 2528 387 2588 tet
404 2506 708 2610 impedimentum
725 2512 972 2612 ingerentibus
998 2514 1135 2587 motio-
1179 2574 1183 2591 ,
1256 2535 1257 2540 ‘

331 2609 371 2685 ni
419 2612 626 2707 ptoeprimis
675 2610 958 2783 supernaturali,
1013 2612 1135 2710 cujus-

331 2708 436 2785 modi
473 2708 534 2785 hic
572 2709 690 2787 solum
733 2734 845 2785 ocum
887 2712 995 2789 habet
1016 2740 1051 2786 :-
1077 2713 1137 2789 cui

333 2807 453 2891 soient
476 2804 643 2886 'humana
687 2831 871 2909 corruptae
909 2811 1042 2890 nostroe
1071 2836 1136 2887 na·

333 2924 451 2985 turae'
480 2911 668 3007 molimina
699 2913 824 3009 potius¹
859 2912 1054 3001 obsistere,
1096 2918 1135 2996 dr

332 3012 478 3089 obicem
502 3034 651 3109 ponere.
707 3012 818 3087 Unde
849 3015 1030 3115 contingit
1061 3020 1135 3095 cito

333 3112 473 3211 optima
496 3108 624 3185 cessare
649 3111 846 3211 proposita,
864 3107 996 3202 studia,
1014 3118 1052 3195 dt
1071 3142 1134 3194 co·

333 3209 625 3313 11111111ᾈ1011
664 3236 741 3289 non
772 3210 962 3290 attendunt
991 3216 1137 3318 Rigori·
1176 3216 1184 3237 ⁸

331 3312 407 3414 star,
427 3332 534 3407 atque
551 3313 635 3386 hinc
654 3308 730 3388 fere
744 3314 853 3410 origo
867 3315 988 3393 omnis
1004 3340 1143 3394 eorum.

334 3410 1133 3514 tergiversationis&enodationisdumnon

332 3514 453 3599 aslum
477 3517 627 3603 tantum,
641 3510 701 3610 sed
723 3511 897 3605 habitum,
914 3512 1138 3693 longatpque

967 3639 1033 3717 pet
1050 3643 1089 3695 c·
