2550 4109
354 389 411 474 34
459 355 468 371 ‘
525 378 941 451 ottranantota
1055 388 1059 393 ·

285 504 292 529 ¹
356 540 462 615 vinae
481 532 614 635 gratias
638 531 698 611 iis.
712 526 748 607 se
783 526 957 633 indignos
983 526 1167 631 praeliant,

357 630 621 731 necessariaque
641 630 818 709 Numinis
836 631 966 709 auxilia
977 656 1016 709 ac
1027 631 1166 725 lumen,

357 761 434 835 quo
449 735 485 810 in
500 736 559 809 via
573 733 727 811 Domini
737 732 953 835 dirigantur,
967 733 1166 832 implorare

356 860 435 919 non
455 855 612 920 curant,
638 848 737 932 quos
756 853 913 909 excaecat
933 833 1087 909 malitia:
1102 931 1109 935 -
1125 831 1166 910 hi

356 956 456 1012 certe
469 960 489 1011 a
502 934 564 1011 sua
580 934 785 1037 ignorantia
800 932 940 1011 nullum
959 931 1167 1033 exspectare

278 1125 280 1128 ¹
356 1033 509 1136 poliunt
530 1032 786 1114 commodum,
847 1030 960 1111 Haud
991 1031 1094 1112 secus
1122 1059 1165 1113 ao

358 1158 492 1212 omnes
507 1134 577 1220 illi,
594 1158 707 1235 penes
725 1156 821 1232 quos
839 1131 944 1224 stetit,
955 1134 1166 1232 quibusque

356 1233 507 1313 facultas
534 1234 657 1313 aderat
675 1286 687 1327 ‚
714 1235 904 1311 scientiam.
923 1236 1067 1311 viarum
1085 1236 1167 1313 Do·

356 1338 450 1411 mini
474 1335 738 1433 comparandi,
772 1334 876 1435 culpa
912 1356 989 1412 non
1025 1357 1167 1427 vacant,

354 1433 420 1511 scd
450 1435 609 1509 vincibili
638 1438 842 1535 ignorantia
866 1434 1061 1514 laborant:
1102 1456 1165 1513 aut

356 1536 423 1631 qui
440 1536 475 1609 lc
497 1536 595 1608 ultro
612 1538 721 1609 rebus
738 1538 921 1635 ingerunt,
938 1533 982 1609 ad
1001 1560 1092 1631 quas
1109 1561 1166 1613 re-
1224 1586 1227 1593 ·

356 1635 415 1710 die
429 1635 617 1711 obeundas
635 1630 863 1716 necessariam
878 1630 1085 1725 scientiam,
1100 1654 1164 1711 aut
1266 1710 1267 1713 t

356 1734 602 1836 negligentia,
627 1755 689 1811 aut
705 1753 845 1809 naturae
863 1733 956 1807 vitio
979 1756 1056 1808 non
1075 1732 1165 1812 affe·
1209 1810 1212 1817 ,

356 1858 454 1913 runt.
490 1833 620 1911 Talem
653 1834 896 1935 ignorantiam
917 1832 1101 1917 se'cetnere
1120 1859 1164 1911 o·
1266 1878 1267 1923 ,

354 1932 570 2031 portuillet,
598 1935 643 2012 ab
663 1960 710 2011 ea
734 1933 902 2022 illorum,
923 1935 988 2030 qui
1013 1932 1102 2011 nibil
1120 1958 1162 2011 ο-
1266 1942 1267 2017 l

354 2040 507 2113 mittunt
520 2034 562 2113 ad
577 2060 657 2113 eam
676 2031 903 2132 pellendam,
922 2033 1162 2137 'prorsusque
1265 2116 1266 2123 Ν

352 2136 601 2209 invincibilem
621 2134 768 2211 babent.
1108 2176 1110 2181 ·

175 2260 306 2359 Nimiam
400 2262 470 2363 Vl.
492 2264 591 2362 Quis
607 2287 683 2337 non
700 2260 835 2354 vident,
856 2262 923 2339 hac
937 2284 1009 2340 tam
1038 2262 1163 2343 severa

171 2344 312 2406 leventa-
356 2386 504 2438 morum
523 2362 670 2439 censura
689 2359 859 2451 homines
883 2363 921 2440 in
941 2363 1163 2464 desperatio·
1265 2434 1266 2455 ,

137 2479 140 2485 ·
175 2427 440 2537 temadronem
456 2465 531 2565 agi,
568 2460 659 2538 dum
686 2464 809 2539 animo
836 2462 959 2540 secum
981 2486 1165 2565 repetunt,

74 2540 84 2547 -
175 2509 295 2571 stituen·
735 2563 743 2579 .
904 2566 911 2582 .
1110 2566 1144 2581 ..

164 2592 246 2653 ‘clam
259 2610 322 2652 mo-
356 2585 681 2661 quantumcunque
697 2584 804 2640 ettam
821 2562 1003 2654 studium,
1021 2568 1058 2643 dt
1081 2564 1165 2641 dalt-

176 2694 244 2737 rum
275 2692 343 2765 nro-
356 2664 516 2764 gentiam
550 2660 593 2738 ad
620 2664 815 2763 negotium
850 2664 970 2743 salutis
992 2662 1165 2761 afferant3

174 2756 319 2855 latrarem,
357 2761 598 2840 nihilominus
627 2762 829 2861 periculum
853 2778 1000 2843 arternac
1019 2768 1165 2841 damna·
1264 2848 1265 2853 Ν

176 2855 327 2917 integrata.
356 2865 466 2941 tionis
483 2886 559 2951 non
576 2860 748 2953 evadere,
785 2862 811 2939 sa
834 2890 911 2941 non
933 2870 1028 2941 certa
1047 2868 1084 2941 dt
1103 2886 1164 2939 tu·
1248 2864 1265 2942 Ἴ

102 3004 105 3012 -
175 2934 343 3080 ffi'eog
358 2965 448 3039 tiora
469 2963 614 3061 semper
635 2960 898 3042 conseiientur.
926 2966 1085 3064 Quantis
1099 2988 1165 3041 an·

176 3062 551 3164 eff0‚q„2mxietatibus
576 3064 628 3161 pii
658 3063 796 3161 quique
817 3066 1091 3149 excrucientur,
1134 3062 1164 3143 sa
1261 3086 1264 3127 l

170 3169 318 3248 pradelle.
359 3158 1165 3265 tutius,ubiexplorataveritasnonaffulget,
1263 3178 1264 3189 ’

355 3260 400 3339 fir
418 3260 736 3359 prosequendum,
760 3287 845 3338 cum
872 3283 945 3340 tam
966 3264 1100 3341 incerta
1119 3287 1162 3340 o.

356 3364 456 3439 mnia
478 3360 567 3448 sant,
589 3365 686 3438 vires
714 3361 883 3439 humanae
903 3365 1035 3439 mentis
1057 3360 1100 3439 ad
1125 3388 1162 3439 a-

351 3460 518 3559 speiium
534 3464 693 3541 veritatis
713 3460 1162 3563 tamdebilesdtcxiguae?

349 3563 513 3667 Quoties
530 3565 630 3644 enim
649 3564 732 3666 quit
750 3564 884 3645 viderit
906 3562 1072 3647 aeliotes
1083 3587 1162 3641 non
1261 3630 1263 3645 ,

979 3680 1113 3745 Omnes
