2550 4109
275 442 278 447 ,
406 366 715 439 ourusac.
916 359 971 455 77

157 516 404 620 pbscuritatis,
429 521 664 621 ambiguique
681 514 804 600 seusus
825 521 971 625 perple—
1062 588 1064 598 ,

36 683 38 690 .
156 626 269 701 xirate
288 624 402 696 reneri
417 619 596 696 bacellum
614 621 666 702 fit.
700 624 827 722 Quare
839 624 971 704 luben&

156 723 198 801 P.
220 714 351 823 Thyrfit
373 718 575 807 subscribo,
597 745 818 821 quamquam
833 723 971 802 schola.

156 824 331 900 sticorum
348 818 611 921 theologorum
625 844 786 898 mentem
804 845 969 901 nontam
1043 880 1047 891 .
1067 846 1070 851 ·

158 921 286 1000 sedulo
302 944 346 996 ex
374 921 521 997 lotarim
537 943 547 1013 3
567 938 732 1020 putoque
748 914 814 1001 bac
828 926 970 1001 rarione

156 1022 281 1127 plures
296 1023 332 1096 iu
349 946 484 1098 bonam
501 1041 639 1117 partem
658 1024 970 1122 interpretandoar

157 1145 221 1203 aut
235 1122 307 1225 alio
324 1118 442 1197 adhuc
458 1118 574 1197 modo
594 1121 817 1221 excusandos
828 1176 840 1211 ,
853 1124 969 1222 expli·

154 1230 379 1320 modosque.
432 1220 577 1298 Multos
598 1222 770 1298 nimirum
794 1220 971 1302 Probabi-

112 1352 116 1359 ·
134 1314 139 1337 '
155 1324 337 1410 liliatum,
353 1344 449 1420 quos
467 1344 620 1410 vocant,
638 1320 866 1412 exillimalle,
883 1315 970 1423 pos·

159 1422 200 1501 se
221 1423 409 1519 quemvis,
433 1442 559 1499 contra
578 1424 766 1521 propriam
789 1425 897 1500 animi
916 1419 971 1505 sui
1080 1434 1097 1468 ²
1214 1480 1216 1491 .

160 1520 375 1601 senteutiam
401 1524 487 1597 viris
506 1522 545 1596 in
566 1544 641 1599 arte
667 1524 809 1622 peritis,
834 1522 987 1625 probas
1075 1572 1079 1583 ·
1118 1576 1134 1591 --

159 1627 283 1722 risque
317 1617 500 1719 theologis
534 1620 646 1699 fidem
683 1623 853 1701 adhibere
884 1651 894 1698 r
927 1644 970 1701 ut

157 1725 329 1824 quamvis
357 1721 402 1797 ab
434 1721 622 1801 intrinseca
649 1726 817 1811 ratione,
857 1746 971 1823 prout

159 1825 317 1925 proprio
345 1820 540 1898 intellellui
556 1847 614 1899 res
638 1827 881 1925 proponitur,
898 1824 973 1897 mi-

158 1948 232 2001 nus
261 1921 448 2020 probabile
475 1923 565 2018 quid
592 1946 787 2022 appareat,
813 1948 860 1999 eo
888 1920 969 2021 ipso
1000 1950 1031 2032 3
1126 1906 1138 2019 ’ζ

162 2045 286 2103 tamen
303 2020 424 2097 haberi
443 2043 513 2120 pto
538 2045 624 2097 vete
645 2022 821 2121 probabili
865 2020 969 2121 plut,

123 2165 126 2170 f
160 2121 311 2222 eoquod
328 2120 447 2210 dotti,
473 2124 653 2221 peritique
672 2141 741 2222 pro
760 2122 820 2201 tall
836 2048 971 2198 llabue·

161 2226 263 2318 rint,·
304 2219 425 2319 sthue
447 2224 641 2321 proprium
666 2223 853 2300 arbitrium
885 2213 970 2299 alra·

160 2327 238 2401 rius
250 2320 587 2422 judiciosubjicere.-
601 2322 721 2423 Quod
732 2323 971 2399 eriamlocum

161 2424 294 2501 habere
319 2418 459 2524 potest,
485 2420 634 2518 quando
659 2422 832 2499 sententia
851 2420 971 2498 indul·

164 2526 311 2627 gentior
332 2520 523 2598 aullorum
541 2543 667 2597 contra
691 2520 971 2599 existimantium

166 2647 321 2699 numero
346 2620 499 2697 inferior
515 2621 565 2697 est
583 2646 594 2714 3
615 2623 696 2717 quis
719 2624 818 2697 enim
837 2618 970 2715 nesciat

167 2724 429 2823 saepeamagna
441 2720 673 2797 multitudine
692 2745 833 2797 errores
844 2719 971 2801 defeu-

165 2822 248 2910 sos,
268 2821 364 2922 apud
384 2829 520 2921 pa'ucos
537 2822 726 2895 veritatem
748 2812 969 2895 conllitillel

164 2924 245 3033 Qri
260 2925 307 2997 ita
319 2922 537 3008 decernunt,
550 2916 716 3016 quamvis
727 2940 850 2994 errore
864 2934 972 2993 occu·

164 3046 321 3122 peritur,
337 3022 373 3097 id
395 3042 514 3097 tamen
531 3016 829 3094 naturaeiudltum
845 3017 970 3097 lumen
1015 3036 1016 3039 ’

166 3143 244 3198 non
274 3124 420 3221 penitus
445 3120 696 3221 extinxerunt,
727 3142 804 3217 quo
832 3113 971 3219 perspi-

111 3271 114 3275 >
164 3245 278 3299 cuum
307 3222 358 3299 est
374 3272 387 3311 ‚
419 3212 969 3319 secuudumrellumrarioulr

163 3322 354 3415 dublum,
389 3324 575 3397 neminem
606 3316 707 3417 polle
732 3320 886 3419 probare
918 3308 970 3409 id,
995 3384 1000 3394 .

164 3420 275 3521 quod
293 3447 371 3525 prae
391 3421 507 3498 altero
529 3419 649 3495 minus
668 3418 859 3517 probabile
877 3414 972 3516 obji-
1101 3423 1109 3441 “

168 3525 275 3605 citur,
323 3520 454 3619 abhis
469 3544 548 3602 non
566 3508 815 3613 abutamini,
837 3518 902 3615 qui
919 3508 971 3597 ob

829 3610 952 3723 judi-⁰
982 3734 983 3739 Ν
