2550 4109
289 369 376 485 :aa
510 392 545 457 c.
569 389 618 456 u.
644 388 962 515 rxrlourrun
1070 362 1107 443 .’

167 629 171 637 ¹
231 600 239 608 .
322 535 498 637 judicium
521 532 722 632 reflexum,
739 540 786 618 de
809 566 887 638 quo
905 540 1057 618 inferius
1074 540 1130 620 di.

316 638 428 714 'cendi
443 638 632 733 rocusest,
657 640 1004 721 Probabilismumse
1031 666 1128 718 uun.

323 764 408 827 rur,
441 738 595 837 'eoquod
629 766 790 817 mentem
832 667 1054 821 refleuenlo
1079 742 1127 833 ad

318 840 538 940 opinionem
557 839 605 917 de
627 838 864 920 conferunda
882 844 1016 918 minori
1036 866 1128 943 pro.

315 940 523 1028 habilitare,
550 967 591 1018 ea
614 940 652 1016 se
682 942 733 1019 ob
756 942 1027 1019 multitudinem
1045 944 1127 1022 fau-

315 1050 448 1117 ³rorum
471 1065 549 1116 non
578 1040 699 1120 solum
723 1042 1035 1143 probabiliorem,
1062 1042 1126 1122 sed

281 1140 284 1145 ’
319 1142 429 1218 etiarn
443 1140 627 1219 moraliter
638 1162 775 1220 certam
784 1143 962 1223 exhibeat.
977 1144 1137 1223 Fabium

238 1310 246 1321 .
319 1262 383 1318 tur
402 1236 457 1317 isti
476 1240 641 1342 oppido,
668 1240 832 1319 sednon
858 1245 896 1319 in
917 1268 987 1333 eo,
1020 1240 1124 1343 quod

193 1422 200 1430 ,
314 1345 413 1425 ¹ratio
449 1343 654 1442 approbare
683 1340 749 1422 ulfi
775 1345 890 1447 magis
925 1344 1125 1447 probabilia

319 1463 490 1540 nequeat.
638 1462 641 1467 ‘
725 1492 728 1501 ‹

137 1554 297 1625 Probabili.
367 1543 438 1621 Vl.
462 1538 574 1618 Unde
594 1539 686 1615 mibi
706 1561 779 1617 ram
796 1565 937 1619 ceruam
961 1543 1037 1633 eil,
1068 1544 1124 1619 in·

137 1640 531 1733 araualia'telleuum,
556 1640 638 1717 nisr·
658 1640 760 1741 quod
790 1640 854 1716 libi
884 1641 1124 1735 verifimilius,

137 1745 257 1869 aunqu?
309 1743 522 1849 ¹'approbare
545 1765 622 1818 non
638 1737 761 1841 polle,
785 1763 826 1817 ut
841 1740 925 1818 inde
940 1752 1071 1819 omnen
1086 1762 1124 1820 a·

137 1821 281 1956 3²⁰}ss
305 1845 395 1947 ‘pud
409 1842 608 1945 theologos
623 1863 746 1920 enatus
755 1841 959 1941 probabiles
976 1843 1125 1948 opiniof

135 1938 269 2039 abluaris
317 1970 384 2023 ues
404 1942 633 2021 confidenter
647 1940 901 2046 putem‚quud
911 1942 981 2018 suis
994 1942 1123 2044 primis

136 2051 209 2121 in'de
229 2045 527 2125 con-'audoribus
547 2042 811 2147 probabiliores
833 2041 901 2119 sint
924 2041 1024 2123 visae.
1075 2040 1125 2120 Et

135 2140 311 2219 sequenti.-
347 2144 469 2221 uando
484 2143 617 2218 deinde
643 2142 792 2230 accidit,
810 2160 852 2216 ut
866 2142 1032 2242 theologi
1044 2144 1124 2243 pas·
1221 2233 1224 2246 ι
1263 2230 1264 2245 ¹

177 2327 181 2335 ,
318 2172 385 2321 lm
402 2239 469 2316 suo
490 2240 722 2339 indulgerent
731 2241 856 2339 genio,
873 2240 1020 2316 tandem
1031 2264 1122 2339 pro·

307 2339 509 2419 'habilitatis
529 2359 784 2416 commentum
805 2361 852 2413 eo
875 2339 1048 2415 devenire
1057 2338 1122 2417 de-

305 2443 416 2529 buit,
439 2462 516 2537 quo
531 2462 668 2539 magno
688 2434 838 2512 morum
856 2437 994 2517 damno
1005 2438 1123 2517 dedu-

304 2539 490 2621 ‘dumell
540 2536 689 2641 Quodsi
716 2539 814 2614 eninr
844 2537 954 2617 semel
979 2540 1033 2619 fas
1049 2537 1121 2617 elle

342 2638 502 2717 ersuasus
520 2639 580 2729 fis,
603 2636 705 2738 sequi
727 2634 785 2728 id,
805 2638 908 2737 quud
922 2641 1123 2743 aeq'uepro.

311 2668 444 2833 babile,
463 2743 682 2837 minusque3
705 2759 782 2813 non
800 2738 924 2832 video,
951 2740 1120 2819 ficonse-

316 2861 474 2941 quenrer
490 2841 594 2939 loqui
613 2838 724 2925 velis,
748 2863 860 2938 quare
888 2864 965 2917 non
986 2840 1119 2919 audeas

304 2936 480 3039 'eousque
499 2941 553 3018 uti
572 2940 749 3039 opinione
768 2940 967 3039 probabili,
997 2936 1120 3018 donee

304 3033 470 3121 ‘ornnem
501 3060 608 3117 exuat
650 3037 911 3137 probabilitatis
946 3036 1116 3137 speciem

302 3137 359 3218 'I'n
373 3140 449 3218 hoc
464 3164 555 3243 ergo
568 3134 679 3217 cardo
687 3138 739 3213 rei
749 3136 1117 3240 vertitur‚quousque

312 3240 432 3340 aliqua
456 3241 588 3337 opinio
616 3235 814 3343 probabilis
846 3236 1022 3316 censenda
1060 3236 1117 3323 sit.

305 3338 408 3418 Non
423 3338 554 3418 desunt
570 3334 835 3428 Probnulistae,
856 3339 921 3435 qui
933 3340 980 3418 ita
996 3338 1116 3442 alieno

302 3441 465 3519 'arbitrio
491 3442 620 3518 vivere
640 3436 730 3513 mihi
745 3436 975 3530 concedant,
1001 3460 1063 3530 ut,
1088 3440 1117 3520 fi

299 3537 841 3643 ‘apudmeconstetrem'alite'r
856 3538 1117 3719 baberehpol-
1259 3586 1260 3597 κ

367 3643 383 3668 ''
429 3687 433 3694 ·
1031 3664 1092 3721 ur.

306 2260 316 2275 0
