2550 4109
331 320 662 492 inutilia*
741 369 743 379 ’
833 366 911 459 113

104 510 333 617 operulam,
354 522 424 618 qut
451 511 601 607 fauna,
626 520 773 607 taxum,
797 480 927 599 amata
1040 602 1044 610 ,
1151 556 1153 567 =

106 618 439 717 tionemquefscile
466 620 706 711 condonant,
740 644 919 719 tanquam

105 724 212 809 vitia,
239 745 326 817 quae
354 721 461 796 nimis
483 720 569 797 altas
595 722 730 799 radices
748 716 921 819 egerium?

103 844 217 919 quam
251 840 292 893 ut
317 820 491 916 extirpari
520 816 684 919 poffiuta
747 819 909 919 blasphe-

104 922 241 1013 miam,
267 920 331 1016 qui
340 943 498 995 canones
514 919 764 996 ecclelia-stims
782 942 909 1019 contra

104 1016 336 1117 blasphemos
365 1018 509 1097 inutiles
539 1018 721 1109 reddunt,
754 1021 910 1119 perjuria
1010 1042 1017 1051 ’

103 1116 389 1197 relitiiiioaibus
418 1118 633 1196 mentalibus
654 1124 869 1217 permittunt
897 1138 918 1196 t

103 1217 350 1310 obedientiam
376 1218 610 1317 parentibus,
647 1218 921 1318 superioribus:

103 1342 181 1415 que
209 1316 394 1406 debitam,
419 1320 484 1414 qui
514 1318 566 1395 ad
588 1318 782 1397 eludendas
811 1318 911 1417 leges

103 1417 208 1493 mille
223 1420 454 1515 exceptiones
469 1420 676 1517 excogitant
689 1446 702 1491 t
729 1420 912 1519 ingratum

110 1515 293 1602 animum,
314 1518 413 1615 quia
433 1516 541 1595 DEO
563 1522 600 1592 in
618 1518 822 1595 libertatem
841 1517 915 1611 ser·r
977 1598 988 1617 χ

106 1635 255 1691 vorum·
273 1614 424 1696 suorum
454 1616 625 1695 vindicati
656 1619 776 1695 nescio
803 1637 915 1715 quam

107 1710 304 1792 humanam
322 1715 523 1796 libertatem
541 1714 697 1819 lingunt,
722 1738 762 1793 ut
780 1715 915 1815 lelegis

106 1814 261 1893 vinculis
273 1814 439 1894 solvant:
464 1818 686 1916 impietatem
700 1821 736 1893 in
749 1816 914 1914 DEUM,

107 1918 173 2015 qui
191 1914 353 1999 limoniae
369 1916 455 1993 latas
471 1918 595 2015 januas
610 1920 777 2015 aperiunt
799 1941 809 1989 a
834 1917 913 1990 ani·

108 2018 164 2093 mi
183 2015 478 2105 amaritudinem,
502 2019 540 2095 ἂ
556 2016 735 2105 livorem,
759 2016 824 2112 qui
842 2014 915 2087 ho-

18 2137 20 2146 ’
107 2116 227 2191 mines
249 2112 311 2191 sibi
335 2113 425 2205 soli,
446 2117 683 2213 propriisque
706 2111 916 2191 commodis
1047 2152 1050 2157 ·

108 2213 298 2314 indulgere
316 2214 484 2293 faciuntc
509 2212 725 2304 discordias,
750 2216 813 2313 qui
838 2238 918 2313 poe·

106 2338 192 2392 nam
213 2315 372 2405 talionis,
397 2312 586 2414 duellaque
600 2317 831 2413 permittente
849 2314 918 2391 eri

107 2415 352 2502 minationes,
375 2415 441 2511 qui
463 2416 514 2491 ob
535 2416 795 2492 detraeiionem
817 2413 917 2488 calu-

107 2512 302 2601 mniandi,
340 2512 542 2613 falsumque
557 2516 674 2609 ,etiam
700 2510 918 2613 imponendi

110 2614 252 2689 crimen
277 2613 480 2692 facultatem
508 2612 595 2692 daut
613 2638 625 2687 a
640 2616 646 2619 ’
661 2610 923 2695 incontinenti·

112 2736 176 2789 am
186 2761 198 2800 ,
220 2715 287 2809 qui
302 2716 534 2793 meretricum
551 2712 756 2791 mercedem
778 2724 923 2809 aequam

108 2810 308 2913 statuunt,¹⁴
319 2836 463 2913 peccata
480 2818 588 2891 etiam
605 2832 732 2888 contra
759 2829 923 2886 naturam

46 2978 53 2989 .
111 2912 295 3085 palpant:
331 2912 602 3002 crudelitatem,
636 2906 925 3011 qui‘vindiiiam

111 3036 160 3110 pa
187 3036 200 3085 ι

203 3036 240 3085 m
253 3009 386 3089 licitam
400 3013 555 3091 faciunt:
572 3006 924 3099 immisericordiam,
1051 3046 1054 3051 ·

113 3112 181 3208 qui
211 3111 453 3214 eleemosynae
478 3111 739 3211 obligationem
762 3108 893 3187 tollunt
912 3133 923 3182 t

114 3207 397 3307 proditionem,
420 3216 484 3311 qui
502 3208 691 3289 occidendi
717 3210 925 3289 facultatem

35 3319 36 3324 ’
113 3310 225 3384 etlam
248 3334 315 3406 pet
340 3310 482 3390 infidias
501 3313 637 3413 largam
662 3310 748 3389 dant
771 3334 847 3387 non
868 3306 928 3383 so·

36 3415 37 3418 ’
115 3402 194 3483 lum
212 3410 251 3484 in
272 3413 448 3509 privatas,
465 3412 526 3489 sed
541 3414 653 3511 etiam*
666 3410 826 3513 publicas
842 3428 927 3505 per-

37 3507 40 3568 ἶ
113 3502 249 3584 sonas:
275 3506 574 3608 protervitatem,
599 3512 664 3613 qui
690 3504 858 3589 homines
882 3496 927 3583 ad

169 3602 462 3715 Demgufnb.
631 3608 674 3697 H
783 3602 894 3707 quill„
