2550 4109
182 107 186 121 1

241 150 254 205 Ι
356 153 361 166 Ι

217 382 669 461 rraxattcarroa
691 398 754 464 aa.
865 394 922 485 33

114 564 192 619 non
211 538 363 629 faciunt,¹
377 540 500 638 quates
514 538 597 642 justi
617 542 713 631 sunt,
729 562 921 643 nunquam
991 514 996 527 Ι
1116 524 1119 531 ’

111 644 228 743 gratia
240 640 427 721 destituam
460 639 526 719 hac
552 664 674 718 tamen
690 646 727 720 in
751 668 791 725 re
812 647 918 726 mira·

113 742 205 819 culis
222 765 297 817 non
316 739 460 839 semper
476 744 613 831 utitur,
652 768 721 820 nec
748 751 922 823 commu·

110 829 199 919 n‘em
215 863 337 917 rerum
361 840 506 929 cursum
523 844 724 940 pervertit..
788 844 918 946 Quare

16 1019 22 1036 ,
113 944 255 1031 evenit,
287 940 402 1041 justos
436 942 563 1029 etiam,
592 944 658 1039 qui
682 940 771 1019 nihil
789 946 922 1043 reliqui

111 1041 236 1118 facere
253 1040 427 1116 videntur
443 1041 482 1114 itt
500 1040 621 1115 studio
646 1034 779 1133 salutis,
798 1064 920 1141 neque

110 1140 241 1241 segnes
260 1142 297 1215 in
322 1138 551 1239 imploranda
573 1144 691 1238 'gratia
717 1142 920 1221 illustratio-

109 1244 169 1317 nis
184 1238 352 1329 fuerunt‚
372 1265 449 1317 non
473 1260 594 1317 tamen
611 1240 752 1316 tesiam
773 1242 918 1344 semper

109 1338 280 1416 incedere
298 1343 493 1429 tramitem,
507 1362 571 1417 aut
585 1344 774 1419 veritatem
783 1339 918 1443 assequi

112 1437 189 1515 sive
211 1439 302 1515 aiios
317 1438 519 1528 docendo,
552 1436 626 1516 stve
652 1440 853 1519 asiionibus
878 1446 918 1523 δι

111 1536 246 1614 officiis
262 1540 420 1635 propriis
437 1538 708 1640 perfungendo.
741 1540 919 1642 Exempla

110 1635 222 1738 hujus
238 1640 293 1713 rei
307 1638 728 1741 complurasuppetunt,
754 1645 919 1719 cumviri

15 1811 18 1816 ,
108 1736 311 1816 nnttiffimi
329 1739 440 1815 etiam
455 1740 494 1813 in
516 1762 655 1817 naturae
672 1740 814 1845 legibus
837 1767 918 1819 non

108 1837 228 1913 soium
240 1840 438 1915 contrarias
452 1862 480 1913 o
506 1841 650 1917 iniones
660 1840 834 1933 foverint,
852 1838 918 1921 sed·

106 1940 218 2014 etiam
233 1938 431 2013 contrarias
497 1942 600 2015 iones
613 1938 804 2029 ediderint,
822 1946 916 2039 quin
1028 1968 1033 1984 “
1091 1930 1093 1937 ’

109 2038 232 2137 culpae
249 2034 338 2134 ipfis
353 2034 426 2112 hoc
441 2036 565 2115 datum
583 2038 637 2129 stt,
656 2061 719 2117 aut
732 2039 916 2119 necessitas

108 2136 246 2226 fuerit,
275 2158 316 2211 ut
334 2135 456 2213 modis
473 2138 765 2217 extraordinariis
780 2139 914 2218 DEUS

107 2258 270 2315 errantes
291 2239 481 2313 veritatem
506 2238 679 2315 edoceret
694 2289 716 2334 ‚a
751 2239 835 2317 iicet
863 2239 915 2319 ilii

107 2336 302 2413 credantur
333 2334 483 2426 feciffe,
537 2337 642 2435 qnod
670 2337 742 2416 suit
784 2344 823 2416 in
849 2338 912 2416 set

108 2460 242 2535 nempe
267 2435 486 2515 invincibilia
524 2438 741 2539 ignorantia
769 2438 914 2517 excusa·
965 2494 967 2499 -

107 2536 164 2611 tio
177 2536 318 2627 aderat,
348 2559 421 2635 qua
443 2532 607 2625 fadum,
627 2560 670 2615 ut
694 2540 832 2639 peccati
856 2536 918 2615 so·

106 2634 189 2710 lum
209 2636 397 2715 materialis
419 2638 584 2733 periculo
601 2638 756 2737 expositi
786 2635 913 2731 essent,

104 2734 214 2834 quod
233 2758 299 2809 nec
318 2732 603 2828 conscientiam,
626 2762 696 2815 nec
715 2738 801 2815 DEI
823 2739 915 2818 ami-

104 2836 231 2913 citiam
257 2834 441 2929 iaederet;
481 2835 649 2933 adeoque
691 2836 781 2910 nihil
813 2858 918 2935 opus¹

105 2931 914 3025 suerit,miraculoveritatismanifestationem

105 3034 290 3135 praestari,
319 3034 470 3133 quando
497 3062 516 3113 a
547 3034 693 3113 falsitate
712 3033 801 3111 nihil
827 3035 915 3114 mali

17 3142 19 3149 '
106 3135 332 3213 imminebat.
382 3134 500 3211 Aliter
523 3134 559 3211 se
589 3134 750 3237 persaepe
778 3158 836 3211 res
872 3137 913 3212 in

106 3236 289 3331 impiis&
312 3234 563 3331 peccatoribus
583 3231 715 3325 haber,
760 3236 825 3331 qui
850 3231 913 3313 sua
1043 3232 1047 3239 ’

105 3334 213 3432 culpa
232 3335 270 3412 dc
287 3328 439 3423 desidia,
458 3356 543 3433 quae
563 3331 727 3432 ipsorum
742 3330 842 3409 nosse
855 3335 913 3409 in·

108 3431 245 3521 aerest,
267 3435 454 3534 ignorant:
479 3437 544 3543 qui
570 3432 701 3513 nolunt
733 3432 912 3534 intellige·

104 3558 148 3612 re
160 3582 172 3622 ,
186 3554 239 3607 ·ut
256 3531 350 3607 bene
368 3556 534 3635 agerent:
558 3534 624 3637 qui
643 3532 694 3611 ob
706 3532 841 3639 spretas
856 3531 913 3611 di·

117 3638 120 3644 ’
153 3626 455 3743 oemgaanob.
622 3630 666 3709 C
818 3634 876 3711 vi·
